<?xml version="1.0" encoding="UTF-8"?><record xmlns="http://www.loc.gov/MARC21/slim" xmlns:cinclude="http://apache.org/cocoon/include/1.0" xmlns:zs="http://www.loc.gov/zing/srw/">
  <leader>00495cz  a2200145n  4500</leader>
  <controlfield tag="001">n 2011082290</controlfield>
  <controlfield tag="003">DLC</controlfield>
  <controlfield tag="005">20131021082643.0</controlfield>
  <controlfield tag="008">111130n| azannaabn          |a ana      </controlfield>
  <datafield tag="010" ind1=" " ind2=" ">
    <subfield code="a">n 2011082290</subfield>
  </datafield>
  <datafield tag="040" ind1=" " ind2=" ">
    <subfield code="a">DLC</subfield>
    <subfield code="b">eng</subfield>
    <subfield code="e">rda</subfield>
    <subfield code="c">DLC</subfield>
    <subfield code="d">DLC</subfield>
  </datafield>
  <datafield tag="110" ind1="2" ind2=" ">
    <subfield code="a">Uherce (Concentration camp : Poland)</subfield>
  </datafield>
  <datafield tag="410" ind1="2" ind2=" ">
    <subfield code="a">Obóz dla Internowanych Uherce (Poland)</subfield>
  </datafield>
  <datafield tag="670" ind1=" " ind2=" ">
    <subfield code="a">Uherce to takie miłe wie̜zienie koło Leska, 2010.</subfield>
  </datafield>
  <datafield tag="670" ind1=" " ind2=" ">
    <subfield code="a">Biblioteka Narodowa OPAC, viewed Nov. 30, 2011</subfield>
    <subfield code="b">(Obóz dla Internowanych Uherce)</subfield>
  </datafield>
</record>